@incollection{geier2010future,
series = {{LNCS}},
title = {The Future of Audio Reproduction: Technology -- Formats -- Applications},
volume = {5811},
booktitle = {Adaptive Multimedia Retrieval. Identifying, Summarizing, and Recommending Image and Music},
publisher = {Springer},
author = {Matthias Geier and Sascha Spors and Stefan Weinzierl},
editor = {Marcin Detyniecki and Ulrich Leiner and Andreas N{\"u}rnberger},
doi = {10.1007/978-3-642-14758-6_1},
year = 2010,
pages = {1--17}
}

@inproceedings{schmidt2004mpeg4,
title = {New and Advanced Features for Audio Presentation in the {MPEG-4} Standard},
booktitle = {116\textsuperscript{th} Convention of the Audio Engineering Society},
author = {Schmidt, J{\"u}rgen and Schr{\"o}der, Ernst F.},
month = may,
year = 2004
}

@inproceedings{geier2008asdf,
title = {{ASDF: Audio Scene Description Format}},
booktitle = {International Computer Music Conference},
author = {Matthias Geier and Sascha Spors},
month = aug,
year = 2008
}

@inproceedings{geier2009binaural,
title = {Binaural Monitoring of Massive Multichannel Sound Reproduction Systems using Model-Based Rendering},
booktitle = {NAG/DAGA International Conference on Acoustics},
author = {Matthias Geier and Jens Ahrens and Sascha Spors},
month = mar,
year = 2009
}

@article{pulkki1997vbap,
title = {Virtual Sound Source Positioning using {Vector Base Amplitude Panning}},
volume = 45,
number = 6,
journal = {Journal of the Audio Engineering Society},
author = {Ville Pulkki},
year = 1997,
pages = {456--466}
}

@phdthesis{daniel2000representation,
title = {Repr\'{e}sentation de champs acoustiques, application \`{a} la transmission et \`{a} la reproduction de sc\`{e}nes sonores complexes dans un contexte multim\'{e}dia},
school = {Universit\'{e} Pierre et Marie Curie {(Paris VI)}},
author = {J\'{e}r\^{o}me Daniel},
year = 2001
}

@inproceedings{daniel2003spatial,
title = {Spatial sound encoding including near field effect: Introducing distance coding filters and a viable, new Ambisonic format},
booktitle = {23\textsuperscript{rd} International Conference of the Audio Engineering Society},
author = {Daniel, Jérôme},
date = 2003,
}

@inproceedings{spors2008wfs,
title = {The Theory of {Wave Field Synthesis} revisited},
booktitle = {124\textsuperscript{th} Convention of the Audio Engineering Society},
author = {Sascha Spors and Rudolf Rabenstein and Jens Ahrens},
month = may,
year = 2008
}

@inproceedings{geier2008ssr,
title = {The {SoundScape Renderer}: A Unified Spatial Audio Reproduction Framework for Arbitrary Rendering Methods},
author = {Matthias Geier and Jens Ahrens and Sascha Spors},
booktitle = {124\textsuperscript{th} Convention of the Audio Engineering Society},
month=may,
year=2008
}

@inproceedings{blauert2010sfs,
title = {{Schallfeldsynthese mit Lautsprechern~I -- Beschreibung und Bewertung}},
booktitle = {ITG Fachtagung Sprachkommunikation},
author = {Blauert, Jens and Rabenstein, Rudolf},
year = 2010
}

@inproceedings{potard2002schema,
title = {Using {XML} Schemas to Create and Encode Interactive \mbox{3-D} Audio Scenes for Multimedia and Virtual Reality Applications},
booktitle = {Distributed Communities on the Web Workshop},
author = {Potard, Guillaume and Burnett, Ian},
year = 2002
}

@inproceedings{potard2003encoding,
title = {Encoding {3D} sound scenes and music in {XML}},
booktitle = {International Computer Music Conference},
author = {Potard, Guillaume and Ingham, Stephen},
year = 2003
}

@inproceedings{potard2004xml,
title = {An {XML}-based {3D} audio scene metadata scheme},
author = {Potard, Guillaume and Burnett, Ian},
booktitle = {25\textsuperscript{th} International Conference of the Audio Engineering Society},
date = 2004,
}

@phdthesis{potard2006object,
type = {Dissertation},
title = {{3D}-Audio Object Oriented Coding},
school = {University of Wollongong},
author = {Potard, Guillaume},
month = oct,
year = 2006
}

@phdthesis{vaananen2003parametrization,
type = {Dissertation},
title = {Parametrization, Auralization, and Authoring of Room Acoustics for Virtual Reality Applications},
school = {Helsinki University of Technology},
month = may,
author = {V{\"a}{\"a}n{\"a}nen, Riitta},
year = 2003
}

@inproceedings{vaananen2003interaction,
title = {User Interaction and Authoring of {3D} Sound Scenes in the {CARROUSO} {EU} project},
booktitle = {114\textsuperscript{th} Convention of the Audio Engineering Society},
author = {V{\"a}{\"a}n{\"a}nen, Riitta},
month = mar,
year = 2003
}

@article{gerzon1973periphony,
title = {Periphony: With-height Sound Reproduction},
volume = 21,
number = 1,
journal = {Journal of the Audio Engineering Society},
author = {Gerzon, Michael A.},
year = 1973,
pages = {2--10},
}

@book{ahrens2012analytic,
title = {Analytic Methods of Sound Field Synthesis},
publisher = {Springer},
author = {Ahrens, Jens},
year = 2012,
doi = {10.1007/978-3-642-25743-8},
}

@incollection{rumsey2008formats,
title = {Digital Audio Recording Formats and Editing Principles},
volume = {1},
isbn = {978-0-387-77698-9},
booktitle = {Handbook of Signal Processing in Acoustics},
publisher = {Springer},
author = {Rumsey, Francis},
editor = {Havelock, David and Kuwano, Sonoko and Vorl{\"a}nder, Michael},
year = 2008,
pages = {703--729}
}

@phdthesis{schuetz2010shotcrete,
type = {Ph.D. Thesis},
title = {Numerical Modelling of Shotcrete for Tunnelling},
school = {Imperial College London},
author = {Sch{\"u}tz, Reinhard},
year = 2010,
}

@inproceedings{wenzel1990convolvotron,
title = {A System for Three-dimensional Acoustic "Visualization" in a Virtual Environment Workstation},
booktitle = {1\textsuperscript{st} IEEE Conference on Visualization},
author = {Wenzel, Elizabeth M. and Fisher, Scott S. and Stone, Philip K. and Foster, Scott H.},
year = 1990,
pages = {329--337},
}

@inproceedings{geier2012apf,
title = {An Open-Source {C++} Framework for Multithreaded Realtime Multichannel Audio Applications},
booktitle = {Linux Audio Conference},
author = {Geier, Matthias and Hohn, Torben and Spors, Sascha},
year = 2012,
}

@incollection{kendall2008artistic,
series = {Lecture Notes in Computer Science},
title = {The Artistic Play of Spatial Organization: Spatial Attributes, Scene Analysis and Auditory Spatial Schemata},
isbn = {978-3-540-85034-2, 978-3-540-85035-9},
doi = {10.1007/978-3-540-85035-9_8},
number = {4969},
booktitle = {Computer Music Modeling and Retrieval. Sense of Sounds},
publisher = {Springer},
author = {Kendall, Gary S. and Ardila, Mauricio},
editor = {Kronland-Martinet, Richard and Ystad, S{\o}lvi and Jensen, Kristoffer},
month = jan,
year = 2008,
pages = {125--138},
}

@article{peters2007spatdif,
author = {Nils Peters and Sean Ferguson and Stephen McAdams},
journal = {Canadian Acoustics},
month = sep,
number = 3,
pages = {64--65},
title = {Towards a Spatial Sound Description Interchange Format ({SpatDIF})},
volume = 35,
year = 2007
}

@inproceedings{peters2008spatdif,
title = {Proposing {SpatDIF} -- The Spatial Sound Description Interchange Format},
author = {Peters, Nils},
booktitle = {International Computer Music Conference},
date = 2008,
}

@article{peters2013spatdif,
author = {Peters, Nils and Lossius, Trond and Schacher, Jan C.},
title = {The Spatial Sound Description Interchange Format: Principles, Specification, and Examples},
journaltitle = {Computer Music Journal},
volume = 37,
doi = {10.1162/COMJ_a_00167},
pages = {11--22},
number = 1,
date = 2013,
}

@article{scheirer1999audiobifs,
title = {{AudioBIFS:} Describing Audio Scenes with the {MPEG-4} Multimedia Standard},
volume = 1,
number = 3,
journal = {IEEE Transactions on Multimedia},
author = {Scheirer, Eric D. and V{\"a}{\"a}n{\"a}nen, Riitta and Huopaniemi, Jyri},
year = 1999,
pages = {237--250},
}

@article{vaananen2004advanced,
title = {Advanced {AudioBIFS:} Virtual Acoustics Modeling in {MPEG-4} Scene Description},
volume = {6},
number = {5},
journal = {IEEE Transactions on Multimedia},
author = {V{\"a}{\"a}n{\"a}nen, Riitta and Huopaniemi, Jyri},
year = 2004,
pages = {661--675},
}

@inproceedings{hoffmann2003audio3d,
title = {An Independent Declarative {3D} Audio Format on the Basis of {XML}},
booktitle = {International Conference on Auditory Display},
author = {Hoffmann, Heiko and Dachselt, Raimund and Meissner, Klaus},
year = 2003,
}

@article{rumsey2002spatial,
title = {Spatial Quality Evaluation for Reproduced Sound: Terminology, Meaning, and a Scene-based Paradigm},
volume = {50},
number = {9},
journal = {Journal of the Audio Engineering Society},
author = {Rumsey, Francis},
year = 2002,
pages = {651--666},
}

@article{peters2011analysis,
title = {Current Technologies and Compositional Practices for Spatialization: A Qualitative and Quantitative Analysis},
volume = 35,
url = {http://www.mitpressjournals.org/doi/abs/10.1162/COMJ_a_00037},
number = 1,
journal = {Computer Music Journal},
author = {Peters, Nils and Marentakis, Georgios and McAdams, Stephen},
year = 2011,
pages = {10--27},
}

@article{schmidt2011cocktail,
title = {Solutions to the Cocktail Party Problem in Insects: Selective Filters, Spatial Release from Masking and Gain Control in Tropical Crickets},
volume = 6,
doi = {10.1371/journal.pone.0028593},
number = 12,
journal = {PLoS ONE},
author = {Schmidt, Arne K. D. and R{\"o}mer, Heiner},
month = dec,
year = 2011,
}

@article{yager1999structure,
title = {Structure, Development, and Evolution of Insect Auditory Systems},
volume = 47,
doi = {10.1002/(SICI)1097-0029(19991215)47:6<380::AID-JEMT3>3.0.CO;2-P},
number = 6,
journal = {Microscopy Research and Technique},
author = {Yager, David D.},
year = 1999,
pages = {380--400},
}

@article{popper1993fish,
author = {Popper, Arthur N. and Fay, Richard R.},
title = {Sound Detection and Processing by Fish: Critical Review and Major Research Questions},
volume = 41,
doi = {10.1159/000113821},
pages = {14--38},
number = 1,
journaltitle = {Brain, Behavior and Evolution},
date = 1993,
}

@article{wightman1997monaural,
title = {Monaural Sound Localization Revisited},
volume = 101,
issn = {0001-4966},
url = {http://scitation.aip.org/content/asa/journal/jasa/101/2/10.1121/1.418029},
doi = {10.1121/1.418029},
number = 2,
journal = {Journal of the Acoustical Society of America},
author = {Wightman, Frederic L. and Kistler, Doris J.},
month = feb,
year = 1997,
pages = {1050--1063},
}

@article{yager1986cyclopean,
title = {The Cyclopean Ear: A New Sense for the Praying Mantis},
volume = 231,
doi = {10.1126/science.3945806},
number = 4739,
journal = {Science},
author = {Yager, David D. and Hoy, Ronald R.},
year = 1986,
pages = {727--729},
}

@article{macleod2006emu,
title = {Interaural Timing Difference Circuits in the Auditory Brainstem of the {Emu} ({Dromaius} novaehollandiae)},
volume = 495,
doi = {10.1002/cne.20862},
number = 2,
journal = {Journal of Comparative Neurology},
author = {MacLeod, Katrina M. and Soares, Daphne and Carr, Catherine E.},
year = 2006,
pages = {185--201},
}

@article{macpherson2002duplex,
title = {Listener Weighting of Cues for Lateral Angle: The Duplex Theory of Sound Localization Revisited},
volume = 111,
issn = {0001-4966},
url = {http://scitation.aip.org/content/asa/journal/jasa/111/5/10.1121/1.1471898},
doi = {10.1121/1.1471898},
number = 5,
journal = {Journal of the Acoustical Society of America},
author = {Macpherson, Ewan A. and Middlebrooks, John C.},
month = may,
year = 2002,
pages = {2219--2236},
}

@article{konishi2003coding,
title = {Coding of Auditory Space},
volume = 26,
doi = {10.1146/annurev.neuro.26.041002.131123},
number = 1,
journal = {Annual Review of Neuroscience},
author = {Konishi, Masakazu},
year = 2003,
pages = {31--55},
}

@article{rayleigh1907direction,
title = {{XII:} On Our Perception of Sound Direction},
volume = 13,
doi = {10.1080/14786440709463595},
number = 74,
journal = {Philosophical Magazine Series 6},
author = {{Lord Rayleigh [J. W. Strutt]}},
sortname = {Raileigh, Lord},
year = 1907,
pages = {214--232},
}

@article{blauert2012synopsis,
title = {Providing Surround Sound with Loudspeakers: A Synopsis of Current Methods},
volume = 37,
number = 1,
journal = {Archives of Acoustics},
author = {Blauert, Jens and Rabenstein, Rudolf},
month = mar,
year = 2012,
pages = {5--18},
}

@book{blauert1996spatial,
edition = {Revised edition},
title = {Spatial Hearing: The Psychophysics of Human Sound Localization},
publisher = {MIT Press},
author = {Blauert, Jens},
year = 1996,
}

@techreport{armstrong2014obb,
title = {Object-based Broadcasting -- Curation, Responsiveness and User Experience},
type = {White Paper},
number = {WHP 285},
institution = {BBC Research \& Development},
author = {Armstrong, Mike and Brooks, Matthew and Churnside, Anthony and Evans, Michael and Melchior, Frank and Shotton, Matthew},
month = sep,
year = {2014},
}
url = {http://www.bbc.co.uk/rd/publications/whitepaper285},

@inproceedings{lopez-lezcano2008ugen,
title = {A dynamic spatial locator ugen for {CLM}},
booktitle = {Sound and Music Computing Conference},
author = {Lopez-Lezcano, Fernando},
date = 2008,
}

@inproceedings{geier2007ssr,
title = {The {SoundScape Renderer}: A Versatile Software Framework for Spatial Audio Reproduction},
author = {Matthias Geier and Jens Ahrens and Andr{\'e} M{\"o}hl and Sascha Spors and Jonas Loh and Katharina Bredies},
booktitle = {WFS Symposium Ilmenau},
publisher = {Deutsche Gesellschaft für Akustik (DEGA)},
month     = sep,
year      = 2007,
}

@inproceedings{bascou2010holoedit,
title = {Adaptive Spatialization and Scripting Capabilities in the Spatial Trajectory Editor Holo-Edit},
booktitle = {7th Sound and Music Computing Conference},
author = {Bascou, Charles},
date = 2010,
}

@inproceedings{bresson2011spatialization,
title = {Representation and Interchange of Sound Spatialization Data for Compositional Applications},
booktitle = {International Computer Music Conference},
author = {Bresson, Jean and Schumacher, Marlon},
date = 2011,
}

@article{miyama2013spatdif,
title = {{SpatDIF} Library -- Implementing the Spatial Sound Descriptor Interchange Format},
volume = 5,
pages = {1--5},
number = 3,
journaltitle = {Journal of the Japanese Society for Sonic Arts},
author = {Miyama, Chikashi and Schacher, Jan C. and Peters, Nils},
date = 2013,
}

@report{hanson1995parallel,
title = {Parallel Transport Approach to Curve Framing},
number = {TR425},
institution = {Indiana University},
type = {Technical Report},
author = {Hanson, Andrew J. and Ma, Hui},
date = 1995,
url = {http://www.cs.indiana.edu/cgi-bin/techreports/TRNNN.cgi?trnum=TR425},
}

@article{bishop1975frame,
title = {There is More than One Way to Frame a Curve},
volume = 82,
doi = {10.2307/2319846},
pages = {246--251},
number = 3,
journaltitle = {The American Mathematical Monthly},
author = {Bishop, Richard L.},
date = 1975,
}

@article{carroll2013beta,
title = {Improving Frenet's Frame Using Bishop's Frame},
volume = 5,
url = {http://arxiv.org/abs/1311.5857},
pages = {97--106},
number = 4,
journaltitle = {Journal of Mathematics Research},
author = {Carroll, Daniel and Köse, Emek and Sterling, Ivan},
date = 2013,
}

@incollection{shoemake1994fiber,
title = {Fiber bundle twist reduction},
pages = {230--236},
booktitle = {Graphics Gems IV},
publisher = {Academic Press Professional, Inc.},
author = {Shoemake, Ken},
editor = {Heckbert, Paul S.},
date = 1994,
isbn = {978-0-12-336155-4},
}

@incollection{tsingos2018object-based,
title = {Object-Based Audio},
author = {Tsingos, Nicolas},
pages = {244--275},
booktitle = {Immersive Sound: The Art and Science of Binaural and Multi-Channel Audio},
editor = {Roginska, Agnieszka and Geluso, Paul},
publisher = {Taylor \& Francis},
date = 2018,
}

@inproceedings{schacher2016spatdif,
title = {Authoring Spatial Music with {SpatDIF} Version 0.4},
booktitle = {Sound \& Music Computing Conference},
author = {Schacher, Jan C. and Peters, Nils and Lossius, Trond and Miyama, Chikashi},
date = 2016,
}

@book{wishart1996sonic,
title = {On Sonic Art},
publisher = {Harwood Academic Publishers},
author = {Wishart, Trevor},
editor = {Emmerson, Simon},
date = 1996,
}

@article{spors2013review,
title = {Spatial Sound With Loudspeakers and Its Perception: A Review of the Current State},
author = {Spors, Sascha and Wierstorf, Hagen and Raake, Alexander and Melchior, Frank and Frank, Matthias and Zotter, Franz},
volume = 101,
doi = {10.1109/JPROC.2013.2264784},
pages = {1920--1938},
number = 9,
journaltitle = {Proceedings of the {IEEE}},
date = 2013,
}

@article{steinberg1934auditory,
title = {Auditory perspective---Physical factors},
volume = 53,
doi = {10.1109/EE.1934.6540357},
pages = {12--17},
number = 1,
journaltitle = {Electrical Engineering},
author = {Steinberg, John. C. and Snow, William B.},
date = 1934,
}

@article{bedell1934auditory,
title = {Auditory perspective---System adaptation},
volume = 53,
doi = {10.1109/EE.1934.6540389},
pages = {216--219},
number = 1,
journaltitle = {Electrical Engineering},
author = {Bedell, E. H. and Kerney, Iden},
date = 1934,
}

@article{garity1941fantasound,
title = {Fantasound},
volume = 37,
doi = {10.5594/J12890},
pages = {127--146},
number = 8,
journaltitle = {Journal of the Society of Motion Picture Engineers},
author = {Garity, William E. and Hawkins, John N. A.},
date = 1941,
}

@article{snow1953stereo,
title = {Basic Principles of Stereophonic Sound},
volume = 61,
doi = {10.5594/J00963},
pages = {567--589},
number = 5,
journaltitle = {Journal of the Society of Motion Picture and Television Engineers},
author = {Snow, William B.},
date = 1953,
}

@article{doolittle1925binaural,
title = {Binaural Broadcasting},
volume = 85,
pages = {867--870},
number = 17,
journaltitle = {Electrical World},
author = {Doolittle, Franklin M.},
date = 1925,
}

@article{hospitalier1881auditions,
title = {Les auditions téléphoniques théatrales -- Système {Clément Ader}},
volume = 1,
pages = {572--579},
number = 12,
journaltitle = {L'Électricien},
author = {Hospitalier, Édouard},
date = 1881,
}

@article{paul2009binaural,
title = {Binaural Recording Technology: A Historical Review and Possible Future Developments},
volume = 95,
doi = {10.3813/AAA.918208},
pages = {767--788},
number = 5,
journaltitle = {Acta Acustica united with Acustica},
author = {Paul, Stephan},
date = 2009,
}

@article{fletcher1933illusion,
title = {An Acoustic Illusion Telephonically Achieved},
volume = 11,
pages = {286--289},
number = 10,
journaltitle = {Bell Laboratories Record},
author = {Fletcher, Harvey},
date = 1933,
}

@article{malham1995ambisonic,
title = {3-D Sound Spatialization using {Ambisonic} Techniques},
author = {Malham, David G. and Myatt, Anthony},
journaltitle = {Computer Music Journal},
date = 1995,
volume = 19,
number = 4,
pages = {58--70},
doi = {10.2307/3680991},
}

@article{kalff1958poem,
title = {The `Electronic Poem' Performed in the {Philips} Pavilion at the 1958 {Brussels World Fair}},
author = {Kalff, L. C. and Tak, W. and de Bruin, S. L.},
journaltitle = {Philips Technical Review},
date = 1958,
volume = 20,
number = 2,
pages = {37--84},
}

@article{robinson2012atmos,
title = {Scalable Format and Tools to Extend the Possibilities of Cinema Audio},
author = {Robinson, Charles Q. and Mehta, Sripal and Tsingos, Nicolas},
journaltitle = {{SMPTE} Motion Imaging Journal},
volume = 121,
number = 8,
pages = {63--69},
date = 2012,
doi = {10.5594/j18248XY},
}

@article{berkhout1988holographic,
title = {A Holographic Approach to Acoustic Control},
author = {Berkhout, Augustinus J.},
journaltitle = {Journal of the Audio Engineering Society},
volume = 36,
number = 12,
pages = {977--995},
date = 1988,
}

@article{berkhout1993acoustic,
title = {Acoustic Control by {Wave Field Synthesis}},
author = {Berkhout, Augustinus J. and De Vries, Diemer and Vogel, Peter},
journaltitle = {Journal of the Acoustical Society of America},
volume = 93,
number = 5,
pages = {2764--2778},
date = 1993,
}

@incollection{battier2015discoveries,
title = {Recent Discoveries in the Spatial Thought of Early Musique concrète},
author = {Battier, Marc},
booktitle = {Compositions for Audible Space},
publisher = {transcript Verlag},
editor = {Brech, Martha and Paland, Ralph},
year = 2015,
doi = {10.1515/9783839430767-007},
pages = {123--136},
}

@incollection{paland2015xenakis,
title = {`... every movement is possible': {Spatial} Composition in {Iannis} {Xenakis}'s {Hibiki-Hana-Ma}},
author = {Paland, Ralph},
booktitle = {Compositions for Audible Space},
publisher = {transcript Verlag},
editor = {Brech, Martha and Paland, Ralph},
year = 2015,
doi = {10.1515/9783839430767-019},
pages = {305--321},
}

@incollection{bates2015kontakte,
title = {Before and After {Kontakte}: {Developments} and Changes in {Stockhausen}'s Approach to Spatial Music in the 1960s and 1970s},
booktitle = {Compositions for Audible Space},
publisher = {transcript Verlag},
author = {Bates, Enda},
editor = {Brech, Martha and Paland, Ralph},
year = 2015,
doi = {10.1515/9783839430767-011},
pages = {177--192},
}

@inproceedings{chowning2011turenas,
title = {Turenas: the realization of a dream},
booktitle = {17es Journées d'Informatique Musicale, Saint-Etienne, France},
author = {Chowning, John M.},
year = 2011,
}

@article{chowning1971moving,
title = {The Simulation of Moving Sound Sources},
author = {Chowning, John M.},
journal = {Journal of the Audio Engineering Society},
volume = 19,
number = 1,
year = 1971,
pages = {2--6},
}

@report{midi2009three-dimensional,
title = {Three Dimensional Sound Controllers},
author = {{MMA/AMEI}},
url = {https://www.midi.org/specifications},
type = {Letter of Agreement for Recommend Practice},
number = {RP-049},
institution = {MMA Technical Standards Board/AMEI MIDI Committee},
date = 2009,
}

@article{grimm2019tascar,
title = {A Toolbox for Rendering Virtual Acoustic Environments in the Context of Audiology},
author = {Grimm, Giso and Luberadzka, Joanna and Hohmann, Volker},
journaltitle = {Acta Acustica united with Acustica},
volume = 105,
number = 3,
date = 2019,
pages = {566--578},
doi = {10.3813/AAA.919337},
}

@article{geier2010object-based,
title = {Object-based Audio Reproduction and the Audio Scene Description Format},
author = {Geier, Matthias and Ahrens, Jens and Spors, Sascha},
journaltitle = {Organised Sound},
volume = 15,
number = {3},
pages = {219--227},
date = 2010,
}

@inproceedings{geier2008asdf-daga,
title = {{ASDF: Ein XML Format zur Beschreibung von virtuellen 3D Audioszenen}},
booktitle = {34. Jahrestagung der Deutschen Gesellschaft für Akustik},
author = {Geier, Matthias and Ahrens, Jens and Spors, Sascha},
date = 2008,
}

@article{woodward1977quadraphony,
title = {Quadraphony–{A} Review},
author = {Woodward, J. G.},
journaltitle = {Journal of the Audio Engineering Society},
volume = 25,
number = 10,
pages = {843--854},
date = 1977,
}

@article{cooper1970tetrahedral,
title = {Tetrahedral Ambiophony – Part One},
author = {Cooper, Granville},
journaltitle = {Studio Sound},
volume = 12,
number = 6,
pages = {233--234},
date = 1970,
}

@article{gerzon1970quadraphonic_part_two,
title = {The Principles of Quadraphonic Recording -- Part Two},
author = {Gerzon, Michael A.},
journaltitle = {Studio Sound},
volume = 12,
number = 9,
pages = {380--384},
date = 1970,
}

@article{bryant1981cori,
title = {The `cori spezzati' of St Mark's: myth and reality},
author = {Bryant, David},
volume = 1,
doi = {10.1017/S0261127900000280},
pages = {165--186},
journaltitle = {Early Music History},
date = 1981,
}

@incollection{gembicki2020cori,
title = {The Memory of Meaning: Polychorality in Venice and the Cori Spezzati Meme},
author = {Gembicki, Bartłomiej},
pages = {257--271},
booktitle = {Sounding the Past},
publisher = {Brepols Publishers},
date = 2020,
doi = {10.1484/M.EM-EB.5.122016},
}

@thesis{theile1980lokalisation,
title = {Über die Lokalisation im überlagerten Schallfeld},
author = {Theile, Günther},
type = {Dissertation},
institution = {Technische Universität Berlin},
date = 1980,
}

@article{fletcher1934basic,
title = {Auditory Perspective---Basic Requirements},
author = {Fletcher, Harvey},
journaltitle = {Electrical Engineering},
volume = 53,
number = 1,
pages = {9--11},
doi = {10.1109/EE.1934.6540356},
date = 1934,
}

@article{fellgett1975ambisonics1,
title = {Ambisonics. Part one: General System Description},
author = {Fellgett, Peter},
journaltitle = {Studio Sound},
volume = 17,
number = 8,
pages = {20--22, 40},
date = 1975,
}

@article{gerzon1975ambisonics2,
title = {Ambisonics. Part two: Studio techniques},
author = {Gerzon, Michael A.},
journaltitle = {Studio Sound},
volume = 17,
number = 8,
pages = {24--26, 28, 30},
date = 1975,
}

@inproceedings{pihkala2003extending,
title = {Extending {SMIL} with 3D Audio},
author = {Pihkala, Kari and Lokki, Tapio},
booktitle = {International Conference on Auditory Display},
date = 2003,
}

@inproceedings{goose2002streaming,
title = {Streaming Speech\textsuperscript{3}: A Framework for Generating and Streaming 3D Text-To-Speech and Audio Presentations to Wireless {PDAs} as Specified Using Extensions to {SMIL}},
author = {Goose, Stuart and Kodlahalli, Sreedhar and Pechter, William and Hjelsvold, Rune},
doi = {10.1145/511446.511452},
pages = {37--44},
booktitle = {International Conference on World Wide Web},
publisher = {Association for Computing Machinery},
date = 2002,
}

@inproceedings{kim2000xmt,
title = {Extensible {MPEG}-4 textual format ({XMT})},
doi = {10.1145/357744.357763},
pages = {71--74},
booktitle = {ACM Workshops on Multimedia},
author = {Kim, Michelle and Wood, Steve and Cheok, Lai-Tee},
date = 2000,
}

@article{riedmiller2015immersive,
title = {Immersive and Personalized Audio: A Practical System for Enabling Interchange, Distribution, and Delivery of Next-Generation Audio Experiences},
author = {Riedmiller, Jeffrey and Mehta, Sripal and Tsingos, Nicolas and Boon, Prinyar},
journaltitle = {{SMPTE} Motion Imaging Journal},
volume = 124,
number = 5,
pages = {1--23},
date = 2015,
doi = {10.5594/j18578},
}

@incollection{nicol2018soundfield,
title = {Sound Field},
author = {Nicol, Rozenn},
pages = {276--310},
booktitle = {Immersive Sound: The Art and Science of Binaural and Multi-Channel Audio},
publisher = {Taylor \& Francis},
editor = {Roginska, Agnieszka and Geluso, Paul},
date = 2018,
}

@inproceedings{hamasaki2004-22.2,
title = {5.1 and 22.2 Multichannel Sound Productions Using an Integrated Surround Sound Panning System},
author = {Hamasaki, Kimio and Hatano, Wataru and Hiyama, Koichiro and Komiyama, Setsu and Okubo, Hiroyuki},
booktitle = {117\textsuperscript{th} Convention of the Audio Engineering Society},
date = 2004,
}

@inproceedings{hamasaki2005-22.2,
title = {The 22.2 Multichannel Sound System and Its Application},
author = {Hamasaki, Kimio and Hiyama, Koichiro and Okumura, Reiko},
booktitle = {118\textsuperscript{th} Convention of the Audio Engineering Society},
date = 2005,
}

@inproceedings{lossius2009dbap,
title = {{DBAP} – Distance-Based Amplitude Panning},
booktitle = {International Computer Music Conference},
author = {Lossius, Trond and Baltazar, Pascal and de la Hogue, Théo},
date = 2009,
}

@article{theile1977localization,
title = {Localization of Lateral Phantom Sources},
author = {Theile, Gunther and Plenge, Georg},
journaltitle = {Journal of the Audio Engineering Society},
volume = 25,
number = 4,
pages = {196--200},
date = 1977,
}

@article{robinson2015cinematic,
title = {Cinematic Sound Scene Description and Rendering Control},
author = {Robinson, Charles Q. and Tsingos, Nicolas},
journaltitle = {SMPTE Motion Imaging Journal},
volume = 124,
number = 8,
pages = {47--53},
doi = {10.5594/j18640},
date = 2015,
}

@inproceedings{neukom2008ambisonics,
title = {Ambisonics equivalent panning},
author = {Neukom, Martin and Schacher, Jan C.},
booktitle = {International Computer Music Conference},
date = 2008,
}

@book{zotter2019ambisonics,
title = {Ambisonics: A Practical 3D Audio Theory for Recording, Studio Production, Sound Reinforcement, and Virtual Reality},
author = {Zotter, Franz and Frank, Matthias},
volume = 19,
publisher = {Springer International Publishing},
location = {Cham},
date = 2019,
doi = {10.1007/978-3-030-17207-7},
}

@book{pereira2002mpeg4,
title = {The  {MPEG-4} Book},
author = {Pereira, Fernando C. and Ebrahimi, Touradj},
isbn = {978-0-13-061621-0},
pagetotal = {550},
publisher = {Prentice Hall {PTR}},
date = 2002,
}

@inproceedings{theile2003potential,
title = {Potential Wavefield Synthesis Applications in the Multichannel Stereophonic World},
author = {Theile, Günther and Wittek, Helmut and Reisinger, Markus},
pages = {43--57},
booktitle = {24\textsuperscript{th} International Conference of the Audio Engineering Society},
date = 2003,
}

@article{vilkamo2014reduction,
title = {Reduction of Spectral Artifacts in Multichannel Downmixing with Adaptive Phase Alignment},
author = {Vilkamo, Juha and Kuntz, Achim and Füg, Simone},
journaltitle = {Journal of the Audio Engineering Society},
volume = 62,
number = 7,
pages = {516--526},
date = 2014,
}

@article{zielinski2003effects,
title = {Effects of Down-Mix Algorithms on Quality of Surround Sound},
author = {Zielinski, Slawomir K. and Rumsey, Francis and Bech, Søren},
journaltitle = {Journal of the Audio Engineering Society},
volume = 51,
number = 9,
pages = {780--798},
date = 2003,
}

@article{avendano2004frequency-domain,
title = {A Frequency-Domain Approach to Multichannel Upmix},
author = {Avendano, Carlos and Jot, Jean-Marc},
journaltitle = {Journal of the Audio Engineering Society},
volume = 52,
number = 7,
pages = {740--749},
date = 2004,
}

@article{faller2006multiple-loudspeaker,
title = {Multiple-Loudspeaker Playback of Stereo Signals},
author = {Faller, Christof},
journaltitle = {Journal of the Audio Engineering Society},
volume = 54,
number = 11,
pages = {1051--1064},
date = 2006,
}

@inproceedings{geier2012spatial,
title = {Spatial Audio Reproduction with the {SoundScape Renderer}},
booktitle = {27\textsuperscript{th} Tonmeistertagung -- VDT International Convention},
author = {Geier, Matthias and Spors, Sascha},
date = 2012,
}

@collection{blauert2005communication,
title = {Communication Acoustics},
publisher = {Springer},
editor = {Blauert, Jens},
date = 2005,
doi = {10.1007/b139075},
}

@book{pulkki2015communication,
title = {Communication Acoustics: An Introduction to Speech, Audio and Psychoacoustics},
isbn = {978-1-118-86654-2},
publisher = {John Wiley \& Sons},
author = {Pulkki, Ville and Karjalainen, Matti},
date = 2015,
}

@article{zotter2012allrap,
author = {Zotter, Franz and Frank, Matthias},
title = {All-Round Ambisonic Panning and Decoding},
journaltitle = {Journal of the Audio Engineering Society},
volume = 60,
number = 10,
pages = {807--820},
date = {2012-11-26},
}
